 @misc{ wiki:moore,
   author = "Wikipedia",
   title = "Moore's law --- Wikipedia{,} The Free Encyclopedia",
   year = "2012",
   url = "http://en.wikipedia.org/wiki/Moore%27s_law#Ultimate_limits_of_the_law",
   note = "[Online; accessed 16-April-2012]"
 }
 
  @misc{ wiki:timeline,
   author = "Wikipedia",
   title = "Timeline of programming languages --- Wikipedia{,} The Free Encyclopedia",
   year = "2012",
   url = "http://en.wikipedia.org/wiki/Timeline_of_programming_languages#2000s",
   note = "[Online; accessed 16-April-2012]"
 }
 
 @ONLINE{tiobe,
  author={Tiobe Software},
  title={TIOBE Programming Community Index for April 2012},
  month=April,
  year={2012},
  url={http://www.tiobe.com/index.php/content/paperinfo/tpci/index.html}
  }
  
  @book{joy,
  	author = {Michael Fogus, Chris Houser},
 	title = {The Joy of Clojure},
  	publisher = {Manning Publications Co.},
  	year = 2011}
  	
	@book{halloway,
 	author = {Rich Hickey},
 	title = {Programming Clojure},
  	publisher = {The Pragmatic Programmers LLC},
  	year = 2009}
  	
  	  @misc{ wiki:clojure,
   author = "Wikipedia",
   title = "Clojure",
   year = "2012",
   url = "http://en.wikipedia.org/wiki/Clojure",
   note = "[Online; accessed 19-April-2012]"
 }
 
   @misc{ wiki:go,
   author = "Wikipedia",
   title = "Go (programming language)",
   year = "2012",
   url = "http://en.wikipedia.org/wiki/Go_(programming_language)",
   note = "[Online; accessed 19-April-2012]"
 }